%% This BibTeX bibliography file was created using BibDesk.
%% https://bibdesk.sourceforge.io/

%% Created for Selma Beate Ã˜vland at 2020-09-08 10:36:45 +0200 


%% Saved with string encoding Unicode (UTF-8) 



@article{stat,
	Author = {Morten Hjorth-Jensen},
	Date-Added = {2020-09-08 08:50:34 +0200},
	Date-Modified = {2020-09-08 10:36:42 +0200},
	Month = {August},
	Title = {Computational Physics},
	Year = {2015}}
